@book{silberschatz1997database,
  title={Database system concepts},
  author={Silberschatz, Abraham and Korth, Henry F and Sudarshan, Shashank and others},
  volume={4},
  year={1997},
  publisher={McGraw-Hill New York}
}

@book{beighley2007head,
  title={Head First SQL: Your Brain on SQL--A Learner's Guide},
  author={Beighley, Lynn},
  year={2007},
  publisher={" O'Reilly Media, Inc."}
}
@book{watson2008oca,
  title={OCA Oracle Database 11g: Administration 1 Exam Guide (exam 1Z0-052)},
  author={Watson, John},
  year={2008},
  publisher={McGraw-Hill/Osborne}
}